<record><leader>00000cas a22000007a 4500</leader><controlfield tag="001">11470769</controlfield><controlfield tag="008">841208d1872189uohucr ne      0    0eng d</controlfield><datafield ind1=" " ind2=" " tag="010"><subfield code="a">sn 84028834 </subfield></datafield><datafield ind1=" " ind2=" " tag="040"><subfield code="a">NPY</subfield><subfield code="b">eng</subfield><subfield code="c">NPY</subfield><subfield code="d">NPX</subfield><subfield code="d">ONP</subfield><subfield code="d">OCLCQ</subfield></datafield><datafield ind1=" " ind2=" " tag="042"><subfield code="a">msc</subfield></datafield><datafield ind1="0" ind2=" " tag="130"><subfield code="a">Zanesville signal (Zanesville, Ohio : 1872)</subfield></datafield><datafield ind1="1" ind2="4" tag="245"><subfield code="a">The Zanesville signal.</subfield></datafield><datafield ind1="3" ind2="0" tag="246"><subfield code="a">Zanesville weekly signal</subfield></datafield><datafield ind1=" " ind2=" " tag="260"><subfield code="a">Zanesville, Ohio :</subfield><subfield code="b">J.T. Irvine,</subfield><subfield code="c">1872-</subfield></datafield><datafield ind1=" " ind2=" " tag="300"><subfield code="a">v.</subfield></datafield><datafield ind1=" " ind2=" " tag="310"><subfield code="a">Semiweekly,</subfield><subfield code="b">Apr. 5, 1887-189</subfield></datafield><datafield ind1=" " ind2=" " tag="321"><subfield code="a">Weekly,</subfield><subfield code="b">Mar. 29, 1872-Mar. 31, 1887</subfield></datafield><datafield ind1="0" ind2=" " tag="362"><subfield code="a">Vol. 9, no. 13 (Mar. 29, 1872)-</subfield></datafield><datafield ind1=" " ind2=" " tag="500"><subfield code="a">Democratic.</subfield></datafield><datafield ind1=" " ind2=" " tag="500"><subfield code="a">Variant title: Zanesville weekly signal, Apr. 1882.</subfield></datafield><datafield ind1=" " ind2="4" tag="651"><subfield code="a">Zanesville (Ohio)</subfield><subfield code="v">Newspapers.</subfield></datafield><datafield ind1=" " ind2="4" tag="651"><subfield code="a">Muskingum County (Ohio)</subfield><subfield code="x">Zanesville.</subfield></datafield><datafield ind1=" " ind2=" " tag="752"><subfield code="a">United States</subfield><subfield code="b">Ohio</subfield><subfield code="c">Muskingum</subfield><subfield code="d">Zanesville.</subfield></datafield><datafield ind1="0" ind2=" " tag="775"><subfield code="t">Zanesville daily signal (Zanesville, Ohio : 1882)</subfield><subfield code="w">(DLC)sn 88078195</subfield></datafield><datafield ind1="0" ind2="0" tag="780"><subfield code="t">Zanesville weekly signal (Zanesville, Ohio : 1865)</subfield><subfield code="w">(DLC)sn 88078209</subfield></datafield><datafield ind1="0" ind2="0" tag="785"><subfield code="t">Weekly signal (Zanesville, Ohio)</subfield><subfield code="w">(DLC)sn 88078204</subfield></datafield></record>